
@article{Kelly2015,
author = {Kelly, Julian S},
number = {March},
title = {by},
year = {2015}
}

@article{GlebMaster,
file = {:home/ivan/Xmons/build/report.pdf:pdf},
mendeley-groups = {qubits/diplomas},
title = {{Проектирование и исследование высококогерентных сверхпроводниковых квантовых систем}}
}

@article{Goppl2008,
author = {G{\"{o}}ppl, M. and Fragner, A. and Baur, M. and Bianchetti, R. and Filipp, S. and Fink, J. M. and Leek, P. J. and Puebla, G. and Steffen, L. and Wallraff, A.},
journal = {Journal of Applied Physics},
month = {jul},
number = {11},
pages = {1--8},
title = {{Coplanar Waveguide Resonators for Circuit Quantum Electrodynamics}},
volume = {104},
year = {2008}
}


@article{Rigetti2010,
author = {Rigetti, Chad and Devoret, Michel},
journal = {Physical Review B - Condensed Matter and Materials Physics},
number = {13},
pages = {1--7},
title = {{Fully microwave-tunable universal gates in superconducting qubits with linear couplings and fixed transition frequencies}},
volume = {81},
year = {2010}
}

@phdthesis{Naturwissenschaften2013,
author = {Naturwissenschaften, Doktors D E R},
title = {{Experiments on Superconducting Qubits Coupled to Resonators}},
year = {2013}
}

@article{Gu2017,
author = {Gu, Xiu and Kockum, Anton Frisk and Miranowicz, Adam and Liu, Yu-xi and Nori, Franco},
journal = {Physics Reports},
publisher = {Elsevier B.V.},
title = {{Microwave photonics with superconducting quantum circuits}},
year = {2017}
}

@article{Koch2007,
author = {Koch, Jens and Yu, Terri M. and Gambetta, Jay and Houck, A. A. and Schuster, D. I. and Majer, J. and Blais, Alexandre and Devoret, M. H. and Girvin, S. M. and Schoelkopf, R. J.},
journal = {Physical Review A - Atomic, Molecular, and Optical Physics},
number = {4},
pages = {1--21},
title = {{Charge-insensitive qubit design derived from the Cooper pair box}},
volume = {76},
year = {2007}
}

@phdthesis{Sank2014,
arxivId = {arXiv:1011.1669v3},
author = {Sank, Daniel Thomas},
journal = {Thesis},
number = {9},
pages = {1689--1699},
title = {{Fast, Accurate State Measurement in Superconducting Qubits}},
volume = {53},
year = {2014}
}

@article{Novotny2010,
author = {Novotny, Lukas},
number = {July},
pages = {1199--1202},
title = {{Strong coupling, energy splitting, and level crossings : 
A classical perspective}},
year = {2010}
}

